<record><leader>00000cas a22000007a 4500</leader><controlfield tag="001">18655538</controlfield><controlfield tag="008">881021d19711975iduwr ne      0    0eng d</controlfield><datafield ind1=" " ind2=" " tag="010"><subfield code="a">sn 88056041 </subfield></datafield><datafield ind1=" " ind2=" " tag="040"><subfield code="a">NVB</subfield><subfield code="b">eng</subfield><subfield code="c">NVB</subfield><subfield code="d">OCLCQ</subfield><subfield code="d">OCLCF</subfield><subfield code="d">OCLCO</subfield></datafield><datafield ind1=" " ind2=" " tag="042"><subfield code="a">msc</subfield></datafield><datafield ind1=" " ind2=" " tag="043"><subfield code="a">n-us-id</subfield></datafield><datafield ind1="0" ind2="0" tag="245"><subfield code="a">Canyon County weekly herald.</subfield></datafield><datafield ind1=" " ind2=" " tag="260"><subfield code="a">Wilder, Idaho :</subfield><subfield code="b">E.A. Colley</subfield></datafield><datafield ind1=" " ind2=" " tag="300"><subfield code="a">v.</subfield></datafield><datafield ind1=" " ind2=" " tag="310"><subfield code="a">Weekly</subfield></datafield><datafield ind1="0" ind2=" " tag="362"><subfield code="a">Vol. 53, no. 39 (Mar. 4, 1971)-v. 57, no. 38 (Feb. 27, 1975).</subfield></datafield><datafield ind1=" " ind2="0" tag="651"><subfield code="a">Wilder (Idaho)</subfield><subfield code="v">Newspapers.</subfield></datafield><datafield ind1=" " ind2="7" tag="655"><subfield code="a">Newspapers.</subfield><subfield code="2">fast</subfield><subfield code="0">(OCoLC)fst01423814</subfield></datafield><datafield ind1=" " ind2="7" tag="651"><subfield code="a">Idaho</subfield><subfield code="z">Wilder.</subfield><subfield code="2">fast</subfield><subfield code="0">(OCoLC)fst01265506</subfield></datafield><datafield ind1=" " ind2=" " tag="752"><subfield code="a">United States</subfield><subfield code="b">Idaho</subfield><subfield code="c">Canyon</subfield><subfield code="d">Wilder.</subfield></datafield><datafield ind1="0" ind2="0" tag="780"><subfield code="t">Canyon County weekly</subfield><subfield code="w">(DLC)sn 88056055</subfield></datafield><datafield ind1="0" ind2="0" tag="785"><subfield code="t">Canyon herald</subfield><subfield code="w">(DLC)sn 88056036</subfield></datafield></record>